<?xml version = "1.0" encoding = "UTF-8"?>
  <collection xmlns="http://www.loc.gov/MARC21/slim"
xmlns:xsi="http://www.w3.org/2001/XMLSchema-instance"
xsi:schemaLocation="http://www.loc.gov/MARC21/slim
http://www.loc.gov/standards/marcxml/schema/MARC21slim.xsd">
    <record xmlns="http://www.loc.gov/MARC21/slim"
xmlns:xsi="http://www.w3.org/2001/XMLSchema-instance"
xsi:schemaLocation="http://www.loc.gov/MARC21/slim
http://www.loc.gov/standards/marcxml/schema/MARC21slim.xsd">
      <leader>     cpcaa2200337Ii 4500</leader>
      <controlfield tag="001">000740477</controlfield>
      <controlfield tag="005">20190109115046.0</controlfield>
      <controlfield tag="008">870325i17931793riu                 eng d</controlfield>
      <datafield tag="035" ind1=" " ind2=" ">
        <subfield code="a">15363821</subfield>
      </datafield>
      <datafield tag="040" ind1=" " ind2=" ">
        <subfield code="a">NDD</subfield>
        <subfield code="b">eng</subfield>
        <subfield code="e">rda</subfield>
        <subfield code="e">dacs</subfield>
        <subfield code="c">NDD</subfield>
        <subfield code="d">OCL</subfield>
        <subfield code="d">OCLCQ</subfield>
        <subfield code="d">OCLCF</subfield>
        <subfield code="d">OCLCO</subfield>
        <subfield code="d">NDD</subfield>
        <subfield code="d">OCLCO</subfield>
        <subfield code="d">NDD</subfield>
      </datafield>
      <datafield tag="041" ind1=" " ind2=" ">
        <subfield code="a">eng</subfield>
      </datafield>
      <datafield tag="049" ind1=" " ind2=" ">
        <subfield code="a">NDDP</subfield>
      </datafield>
      <datafield tag="110" ind1="2" ind2=" ">
        <subfield code="a">Ascention (Ship),</subfield>
        <subfield code="e">creator.</subfield>
      </datafield>
      <datafield tag="245" ind1="1" ind2="0">
        <subfield code="a">Ascention insurance account,</subfield>
        <subfield code="f">1793.</subfield>
      </datafield>
      <datafield tag="264" ind1=" " ind2="0">
        <subfield code="c">1793.</subfield>
      </datafield>
      <datafield tag="300" ind1=" " ind2=" ">
        <subfield code="a">1</subfield>
        <subfield code="f">item.</subfield>
      </datafield>
      <datafield tag="336" ind1=" " ind2=" ">
        <subfield code="a">text</subfield>
        <subfield code="b">txt</subfield>
        <subfield code="2">rdacontent</subfield>
      </datafield>
      <datafield tag="337" ind1=" " ind2=" ">
        <subfield code="a">unmediated</subfield>
        <subfield code="b">n</subfield>
        <subfield code="2">rdamedia</subfield>
      </datafield>
      <datafield tag="338" ind1=" " ind2=" ">
        <subfield code="a">sheet</subfield>
        <subfield code="b">nb</subfield>
        <subfield code="2">rdacarrier</subfield>
      </datafield>
      <datafield tag="520" ind1="8" ind2=" ">
        <subfield code="a">Account detailing the value of the ship Ascention and its cargo including 52 slaves. Apparently, the ship was lost in the slaves&apos; insurrection in 1793. Information was gathered for the purpose of collecting insurance. The ship was on a voyage to Madagascar on the South coast of Africa and ultimately to Newport, R.I.</subfield>
      </datafield>
      <datafield tag="541" ind1=" " ind2=" ">
        <subfield code="c">Purchase</subfield>
        <subfield code="d">1986.</subfield>
      </datafield>
      <datafield tag="650" ind1=" " ind2="0">
        <subfield code="a">Marine insurance.</subfield>
        <subfield code="0">http://id.loc.gov/authorities/subjects/sh85066992</subfield>
      </datafield>
      <datafield tag="650" ind1=" " ind2="0">
        <subfield code="a">Slave insurrections.</subfield>
        <subfield code="0">http://id.loc.gov/authorities/subjects/sh85123318</subfield>
      </datafield>
      <datafield tag="650" ind1=" " ind2="0">
        <subfield code="a">Slave trade</subfield>
        <subfield code="0">http://id.loc.gov/authorities/subjects/sh85123311</subfield>
        <subfield code="y">18th century.</subfield>
        <subfield code="0">http://id.loc.gov/authorities/subjects/sh2002012474</subfield>
      </datafield>
      <datafield tag="650" ind1=" " ind2="7">
        <subfield code="a">Marine insurance.</subfield>
        <subfield code="2">fast</subfield>
        <subfield code="0">http://id.worldcat.org/fast/1715882</subfield>
      </datafield>
      <datafield tag="650" ind1=" " ind2="7">
        <subfield code="a">Slave insurrections.</subfield>
        <subfield code="2">fast</subfield>
        <subfield code="0">http://id.worldcat.org/fast/1120389</subfield>
      </datafield>
      <datafield tag="650" ind1=" " ind2="7">
        <subfield code="a">Slave trade.</subfield>
        <subfield code="2">fast</subfield>
        <subfield code="0">http://id.worldcat.org/fast/1120405</subfield>
      </datafield>
      <datafield tag="648" ind1=" " ind2="7">
        <subfield code="a">1700-1799</subfield>
        <subfield code="2">fast</subfield>
      </datafield>
      <datafield tag="856" ind1="4" ind2="1">
        <subfield code="y">In Duke Digital Collections</subfield>
        <subfield code="u">https://idn.duke.edu/ark:/87924/r48914j8q</subfield>
      </datafield>
      <datafield tag="905" ind1=" " ind2=" ">
        <subfield code="a">MARCIVE 20190326</subfield>
      </datafield>
      <datafield tag="905" ind1=" " ind2=" ">
        <subfield code="a">MARCIVE 20200114</subfield>
      </datafield>
    </record>

</collection>